@book{mackay2003information,
  title={Information theory, inference and learning algorithms},
  author={MacKay, David JC},
  year={2003},
  publisher={Cambridge university press}
}

@book{pink,
  title={Das Wetter ist politisch – Starkregen, Hochwasser und Flut vor der Bundestagswahl 2021},
  author={Pink S., Schmidt J},
  year={2023},
  publisher={Springer}
}

@article{Verifikation_von_Wettervorhersagen,
    author = {Ulrich Damrath},
    title = {Verifikation von Wettervorhersagen},
    journal = {promet},
    year = {2002}
}

@misc{Forecast_quaility_DWD,
    title = {Qualität unserer Wettervorhersagen},
    howpublished = {https://www.dwd.de/DE/wetter/schon_gewusst/qualitaetvorhersage/qualitaetvorhersage_node.html},
    note = {Accessed: 2024-01-18}
}

@MISC{burt,
    author = {Stephen Burt},
    title = {FIELD TEST: LAMBRECHT
RAIN[E] HIGH-PRECISION
PRECIPITATION SENSOR},
    year = {2016},
    note = {[Online; accessed  20.1.2024]},
    url = {www.envirotech-online.com},
}

@Article{FloodTrends,
    AUTHOR = {Najibi, N. and Devineni, N.},
    TITLE = {Recent trends in the frequency and duration of global floods},
    JOURNAL = {Earth System Dynamics},
    VOLUME = {9},
    YEAR = {2018},
    NUMBER = {2},
    PAGES = {757--783},
    URL = {https://esd.copernicus.org/articles/9/757/2018/},
    DOI = {10.5194/esd-9-757-2018}
}

@misc{flooding_christmas,
    author = {Deutscher Wetter Dienst},
    title = {Deutschlandwetter im Dezember 2023},
    year = {2023},    
    note = {Accessed: 2024-01-25},
    url = {https://www.dwd.de/DE/presse/pressemitteilungen/DE/2023/20231229_deutschlandwetter_dezember2023_news.html?nn=16210},
}

@misc{rain-e,
    author = {Lambrecht},
    title = {rain[e] Weighing Precipitation Sensor},
    note = {Accessed: 2024-01-25},
    url = {https://www.lambrecht.net/en/products/precipitation/weighing-precipitation-sensor-rain-e},
}



